@article{Pavon-Eternod:2009,
	Author = {Pavon-Eternod, Mariana and Gomes, Suzanna and Geslain, Renaud and Dai, Qing and Rosner, Marsha Rich and Pan, Tao},
	Journal = {Nucleic Acids Res},
	Month = {Nov},
	Number = {21},
	Pages = {7268-80},
	Title = {tRNA over-expression in breast cancer and functional consequences},
	Volume = {37},
	Year = {2009}}

@article{Pavon-Eternod:2013,
	Author = {Pavon-Eternod, Mariana and Gomes, Suzana and Rosner, Marsha R and Pan, Tao},
	Journal = {RNA},
	Month = {Apr},
	Number = {4},
	Pages = {461--466},
	Title = {Overexpression of initiator methionine {tRNA} leads to global reprogramming of tRNA expression and increased proliferation in human epithelial cells},
	Volume = {19},
	Year = {2013}}

@article{Winter:2000,
	Author = {Winter, A G and Sourvinos, G and Allison, S J and Tosh, K and Scott, P H and Spandidos, D A and White, R J},
	Journal = {Proc Natl Acad Sci U S A},
	Month = {Nov},
	Number = {23},
	Pages = {12619-24},
	Title = {RNA polymerase III transcription factor TFIIIC2 is overexpressed in ovarian tumors},
	Volume = {97},
	Year = {2000}}
